%YAML 1.1
%TAG !u! tag:unity3d.com,2011:
--- !u!1 &181538
GameObject:
  m_ObjectHideFlags: 0
  m_PrefabParentObject: {fileID: 0}
  m_PrefabInternal: {fileID: 100100000}
  serializedVersion: 4
  m_Component:
  - 224: {fileID: 22426432}
  - 223: {fileID: 22340774}
  - 114: {fileID: 11476196}
  - 114: {fileID: 11455770}
  - 114: {fileID: 11429798}
  m_Layer: 5
  m_Name: Canvas
  m_TagString: Untagged
  m_Icon: {fileID: 0}
  m_NavMeshLayer: 0
  m_StaticEditorFlags: 0
  m_IsActive: 1
--- !u!114 &11429798
MonoBehaviour:
  m_ObjectHideFlags: 1
  m_PrefabParentObject: {fileID: 0}
  m_PrefabInternal: {fileID: 100100000}
  m_GameObject: {fileID: 181538}
  m_Enabled: 1
  m_EditorHideFlags: 0
  m_Script: {fileID: 11500000, guid: 4345b043ca537564cb2561a4f9b8cd0d, type: 3}
  m_Name: 
  m_EditorClassIdentifier: 
  windowPrefab: {fileID: 121938, guid: 05d912f0b27a0a04ea752a09ba417299, type: 2}
  windowConfigs:
  - window: 0
    contentPrefab: {fileID: 190248, guid: a978cf704f2b27d4498e6592107fb619, type: 2}
    title: Map
    minWidth: 200
    minHeight: 200
  - window: 1
    contentPrefab: {fileID: 160266, guid: 12f348d4252f2134da3269c245a5529e, type: 2}
    title: Encyclopedia
    minWidth: 200
    minHeight: 200
  - window: 2
    contentPrefab: {fileID: 184790, guid: b1fcc001b0529334fae80b811ee9d82c, type: 2}
    title: Buildings
    minWidth: 330
    minHeight: 130
  player: {fileID: 0}
--- !u!114 &11455770
MonoBehaviour:
  m_ObjectHideFlags: 1
  m_PrefabParentObject: {fileID: 0}
  m_PrefabInternal: {fileID: 100100000}
  m_GameObject: {fileID: 181538}
  m_Enabled: 1
  m_EditorHideFlags: 0
  m_Script: {fileID: 1301386320, guid: f5f67c52d1564df4a8936ccd202a3bd8, type: 3}
  m_Name: 
  m_EditorClassIdentifier: 
  m_IgnoreReversedGraphics: 1
  m_BlockingObjects: 0
  m_BlockingMask:
    serializedVersion: 2
    m_Bits: 4294967295
--- !u!114 &11476196
MonoBehaviour:
  m_ObjectHideFlags: 1
  m_PrefabParentObject: {fileID: 0}
  m_PrefabInternal: {fileID: 100100000}
  m_GameObject: {fileID: 181538}
  m_Enabled: 1
  m_EditorHideFlags: 0
  m_Script: {fileID: 1980459831, guid: f5f67c52d1564df4a8936ccd202a3bd8, type: 3}
  m_Name: 
  m_EditorClassIdentifier: 
  m_UiScaleMode: 1
  m_ReferencePixelsPerUnit: 100
  m_ScaleFactor: 1
  m_ReferenceResolution: {x: 800, y: 600}
  m_ScreenMatchMode: 0
  m_MatchWidthOrHeight: 0
  m_PhysicalUnit: 3
  m_FallbackScreenDPI: 96
  m_DefaultSpriteDPI: 96
  m_DynamicPixelsPerUnit: 1
--- !u!223 &22340774
Canvas:
  m_ObjectHideFlags: 1
  m_PrefabParentObject: {fileID: 0}
  m_PrefabInternal: {fileID: 100100000}
  m_GameObject: {fileID: 181538}
  m_Enabled: 1
  serializedVersion: 2
  m_RenderMode: 1
  m_Camera: {fileID: 2003024, guid: 5caa2407bef79ca4ab22e44436f235de, type: 2}
  m_PlaneDistance: 0.1
  m_PixelPerfect: 0
  m_ReceivesEvents: 1
  m_OverrideSorting: 0
  m_OverridePixelPerfect: 0
  m_SortingLayerID: 0
  m_SortingOrder: 0
  m_TargetDisplay: 0
--- !u!224 &22426432
RectTransform:
  m_ObjectHideFlags: 1
  m_PrefabParentObject: {fileID: 0}
  m_PrefabInternal: {fileID: 100100000}
  m_GameObject: {fileID: 181538}
  m_LocalRotation: {x: 0, y: 0, z: 0, w: 1}
  m_LocalPosition: {x: 0, y: 0, z: 0}
  m_LocalScale: {x: 0, y: 0, z: 0}
  m_Children: []
  m_Father: {fileID: 0}
  m_RootOrder: 0
  m_AnchorMin: {x: 0, y: 0}
  m_AnchorMax: {x: 0, y: 0}
  m_AnchoredPosition: {x: 0, y: 0}
  m_SizeDelta: {x: 0, y: 0}
  m_Pivot: {x: 0, y: 0}
--- !u!1001 &100100000
Prefab:
  m_ObjectHideFlags: 1
  serializedVersion: 2
  m_Modification:
    m_TransformParent: {fileID: 0}
    m_Modifications:
    - target: {fileID: 0}
      propertyPath: windowConfigs.Array.size
      value: 3
      objectReference: {fileID: 0}
    - target: {fileID: 0}
      propertyPath: mapContentPrefab
      value: 
      objectReference: {fileID: 190248, guid: a978cf704f2b27d4498e6592107fb619, type: 2}
    - target: {fileID: 0}
      propertyPath: windowPrefab
      value: 
      objectReference: {fileID: 121938, guid: 05d912f0b27a0a04ea752a09ba417299, type: 2}
    - target: {fileID: 0}
      propertyPath: encyclopediaContentPrefab
      value: 
      objectReference: {fileID: 160266, guid: 12f348d4252f2134da3269c245a5529e, type: 2}
    - target: {fileID: 0}
      propertyPath: buildingsContentPrefab
      value: 
      objectReference: {fileID: 184790, guid: b1fcc001b0529334fae80b811ee9d82c, type: 2}
    - target: {fileID: 0}
      propertyPath: windowConfigs.Array.data[1].window
      value: 1
      objectReference: {fileID: 0}
    - target: {fileID: 0}
      propertyPath: windowConfigs.Array.data[2].window
      value: 2
      objectReference: {fileID: 0}
    - target: {fileID: 0}
      propertyPath: windowConfigs.Array.data[2].contentPrefab
      value: 
      objectReference: {fileID: 184790, guid: b1fcc001b0529334fae80b811ee9d82c, type: 2}
    - target: {fileID: 0}
      propertyPath: windowConfigs.Array.data[0].contentPrefab
      value: 
      objectReference: {fileID: 190248, guid: a978cf704f2b27d4498e6592107fb619, type: 2}
    - target: {fileID: 0}
      propertyPath: windowConfigs.Array.data[1].contentPrefab
      value: 
      objectReference: {fileID: 160266, guid: 12f348d4252f2134da3269c245a5529e, type: 2}
    - target: {fileID: 0}
      propertyPath: windowConfigs.Array.data[0].title
      value: Map
      objectReference: {fileID: 0}
    - target: {fileID: 0}
      propertyPath: windowConfigs.Array.data[1].title
      value: Encyclopedia
      objectReference: {fileID: 0}
    - target: {fileID: 0}
      propertyPath: windowConfigs.Array.data[2].title
      value: Buildings
      objectReference: {fileID: 0}
    - target: {fileID: 0}
      propertyPath: m_BlockingObjects
      value: 0
      objectReference: {fileID: 0}
    - target: {fileID: 0}
      propertyPath: m_RenderMode
      value: 1
      objectReference: {fileID: 0}
    - target: {fileID: 0}
      propertyPath: m_Camera
      value: 
      objectReference: {fileID: 2003024, guid: 5caa2407bef79ca4ab22e44436f235de, type: 2}
    - target: {fileID: 0}
      propertyPath: windowConfigs.Array.data[0].minWidth
      value: 200
      objectReference: {fileID: 0}
    - target: {fileID: 0}
      propertyPath: windowConfigs.Array.data[0].minHeight
      value: 200
      objectReference: {fileID: 0}
    - target: {fileID: 0}
      propertyPath: windowConfigs.Array.data[1].minWidth
      value: 200
      objectReference: {fileID: 0}
    - target: {fileID: 0}
      propertyPath: windowConfigs.Array.data[1].minHeight
      value: 200
      objectReference: {fileID: 0}
    - target: {fileID: 0}
      propertyPath: windowConfigs.Array.data[2].minWidth
      value: 330
      objectReference: {fileID: 0}
    - target: {fileID: 0}
      propertyPath: windowConfigs.Array.data[2].minHeight
      value: 130
      objectReference: {fileID: 0}
    m_RemovedComponents: []
  m_ParentPrefab: {fileID: 0}
  m_RootGameObject: {fileID: 181538}
  m_IsPrefabParent: 1
