%YAML 1.1
%TAG !u! tag:unity3d.com,2011:
--- !u!29 &1
SceneSettings:
  m_ObjectHideFlags: 0
  m_PVSData: 
  m_PVSObjectsArray: []
  m_PVSPortalsArray: []
  m_OcclusionBakeSettings:
    smallestOccluder: 5
    smallestHole: 0.25
    backfaceThreshold: 100
--- !u!104 &2
RenderSettings:
  m_ObjectHideFlags: 0
  serializedVersion: 6
  m_Fog: 0
  m_FogColor: {r: 0.5, g: 0.5, b: 0.5, a: 1}
  m_FogMode: 3
  m_FogDensity: 0.01
  m_LinearFogStart: 0
  m_LinearFogEnd: 300
  m_AmbientSkyColor: {r: 0.212, g: 0.227, b: 0.259, a: 1}
  m_AmbientEquatorColor: {r: 0.114, g: 0.125, b: 0.133, a: 1}
  m_AmbientGroundColor: {r: 0.047, g: 0.043, b: 0.035, a: 1}
  m_AmbientIntensity: 1
  m_AmbientMode: 0
  m_SkyboxMaterial: {fileID: 10304, guid: 0000000000000000f000000000000000, type: 0}
  m_HaloStrength: 0.5
  m_FlareStrength: 1
  m_FlareFadeSpeed: 3
  m_HaloTexture: {fileID: 0}
  m_SpotCookie: {fileID: 10001, guid: 0000000000000000e000000000000000, type: 0}
  m_DefaultReflectionMode: 0
  m_DefaultReflectionResolution: 128
  m_ReflectionBounces: 1
  m_ReflectionIntensity: 1
  m_CustomReflection: {fileID: 0}
  m_Sun: {fileID: 0}
--- !u!157 &3
LightmapSettings:
  m_ObjectHideFlags: 0
  serializedVersion: 6
  m_GIWorkflowMode: 0
  m_LightmapsMode: 1
  m_GISettings:
    serializedVersion: 2
    m_BounceScale: 1
    m_IndirectOutputScale: 1
    m_AlbedoBoost: 1
    m_TemporalCoherenceThreshold: 1
    m_EnvironmentLightingMode: 0
    m_EnableBakedLightmaps: 1
    m_EnableRealtimeLightmaps: 1
  m_LightmapEditorSettings:
    serializedVersion: 3
    m_Resolution: 2
    m_BakeResolution: 40
    m_TextureWidth: 1024
    m_TextureHeight: 1024
    m_AOMaxDistance: 1
    m_Padding: 2
    m_CompAOExponent: 0
    m_LightmapParameters: {fileID: 0}
    m_TextureCompression: 1
    m_FinalGather: 0
    m_FinalGatherRayCount: 1024
    m_ReflectionCompression: 2
  m_LightingDataAsset: {fileID: 0}
  m_RuntimeCPUUsage: 25
--- !u!196 &4
NavMeshSettings:
  serializedVersion: 2
  m_ObjectHideFlags: 0
  m_BuildSettings:
    serializedVersion: 2
    agentRadius: 0.5
    agentHeight: 2
    agentSlope: 45
    agentClimb: 0.4
    ledgeDropHeight: 0
    maxJumpAcrossDistance: 0
    accuratePlacement: 0
    minRegionArea: 2
    cellSize: 0.16666667
    manualCellSize: 0
  m_NavMeshData: {fileID: 0}
--- !u!1001 &39359621
Prefab:
  m_ObjectHideFlags: 0
  serializedVersion: 2
  m_Modification:
    m_TransformParent: {fileID: 1963974202}
    m_Modifications:
    - target: {fileID: 444684, guid: a44c9ec0d9ec93548a905c9694325c2d, type: 2}
      propertyPath: m_LocalPosition.x
      value: 33.4
      objectReference: {fileID: 0}
    - target: {fileID: 444684, guid: a44c9ec0d9ec93548a905c9694325c2d, type: 2}
      propertyPath: m_LocalPosition.y
      value: -5.67
      objectReference: {fileID: 0}
    - target: {fileID: 444684, guid: a44c9ec0d9ec93548a905c9694325c2d, type: 2}
      propertyPath: m_LocalPosition.z
      value: -12.07
      objectReference: {fileID: 0}
    - target: {fileID: 444684, guid: a44c9ec0d9ec93548a905c9694325c2d, type: 2}
      propertyPath: m_LocalRotation.x
      value: 0
      objectReference: {fileID: 0}
    - target: {fileID: 444684, guid: a44c9ec0d9ec93548a905c9694325c2d, type: 2}
      propertyPath: m_LocalRotation.y
      value: 0
      objectReference: {fileID: 0}
    - target: {fileID: 444684, guid: a44c9ec0d9ec93548a905c9694325c2d, type: 2}
      propertyPath: m_LocalRotation.z
      value: 0
      objectReference: {fileID: 0}
    - target: {fileID: 444684, guid: a44c9ec0d9ec93548a905c9694325c2d, type: 2}
      propertyPath: m_LocalRotation.w
      value: 1
      objectReference: {fileID: 0}
    - target: {fileID: 444684, guid: a44c9ec0d9ec93548a905c9694325c2d, type: 2}
      propertyPath: m_RootOrder
      value: 7
      objectReference: {fileID: 0}
    m_RemovedComponents: []
  m_ParentPrefab: {fileID: 100100000, guid: a44c9ec0d9ec93548a905c9694325c2d, type: 2}
  m_IsPrefabParent: 0
--- !u!4 &39359622 stripped
Transform:
  m_PrefabParentObject: {fileID: 444684, guid: a44c9ec0d9ec93548a905c9694325c2d, type: 2}
  m_PrefabInternal: {fileID: 39359621}
--- !u!1001 &114258103
Prefab:
  m_ObjectHideFlags: 0
  serializedVersion: 2
  m_Modification:
    m_TransformParent: {fileID: 1963974202}
    m_Modifications:
    - target: {fileID: 418198, guid: 1377d9a9ce691264da01832a590c9d6f, type: 2}
      propertyPath: m_LocalPosition.x
      value: 10
      objectReference: {fileID: 0}
    - target: {fileID: 418198, guid: 1377d9a9ce691264da01832a590c9d6f, type: 2}
      propertyPath: m_LocalPosition.y
      value: 0
      objectReference: {fileID: 0}
    - target: {fileID: 418198, guid: 1377d9a9ce691264da01832a590c9d6f, type: 2}
      propertyPath: m_LocalPosition.z
      value: 6.63
      objectReference: {fileID: 0}
    - target: {fileID: 418198, guid: 1377d9a9ce691264da01832a590c9d6f, type: 2}
      propertyPath: m_LocalRotation.x
      value: 0
      objectReference: {fileID: 0}
    - target: {fileID: 418198, guid: 1377d9a9ce691264da01832a590c9d6f, type: 2}
      propertyPath: m_LocalRotation.y
      value: 0
      objectReference: {fileID: 0}
    - target: {fileID: 418198, guid: 1377d9a9ce691264da01832a590c9d6f, type: 2}
      propertyPath: m_LocalRotation.z
      value: 0
      objectReference: {fileID: 0}
    - target: {fileID: 418198, guid: 1377d9a9ce691264da01832a590c9d6f, type: 2}
      propertyPath: m_LocalRotation.w
      value: 1
      objectReference: {fileID: 0}
    - target: {fileID: 418198, guid: 1377d9a9ce691264da01832a590c9d6f, type: 2}
      propertyPath: m_RootOrder
      value: 14
      objectReference: {fileID: 0}
    m_RemovedComponents: []
  m_ParentPrefab: {fileID: 100100000, guid: 1377d9a9ce691264da01832a590c9d6f, type: 2}
  m_IsPrefabParent: 0
--- !u!4 &114258104 stripped
Transform:
  m_PrefabParentObject: {fileID: 418198, guid: 1377d9a9ce691264da01832a590c9d6f, type: 2}
  m_PrefabInternal: {fileID: 114258103}
--- !u!1 &116861980
GameObject:
  m_ObjectHideFlags: 0
  m_PrefabParentObject: {fileID: 0}
  m_PrefabInternal: {fileID: 0}
  serializedVersion: 4
  m_Component:
  - 4: {fileID: 116861985}
  - 20: {fileID: 116861984}
  - 124: {fileID: 116861983}
  - 92: {fileID: 116861982}
  - 81: {fileID: 116861981}
  m_Layer: 0
  m_Name: Camera
  m_TagString: Untagged
  m_Icon: {fileID: 0}
  m_NavMeshLayer: 0
  m_StaticEditorFlags: 0
  m_IsActive: 1
--- !u!81 &116861981
AudioListener:
  m_ObjectHideFlags: 0
  m_PrefabParentObject: {fileID: 0}
  m_PrefabInternal: {fileID: 0}
  m_GameObject: {fileID: 116861980}
  m_Enabled: 1
--- !u!92 &116861982
Behaviour:
  m_ObjectHideFlags: 0
  m_PrefabParentObject: {fileID: 0}
  m_PrefabInternal: {fileID: 0}
  m_GameObject: {fileID: 116861980}
  m_Enabled: 1
--- !u!124 &116861983
Behaviour:
  m_ObjectHideFlags: 0
  m_PrefabParentObject: {fileID: 0}
  m_PrefabInternal: {fileID: 0}
  m_GameObject: {fileID: 116861980}
  m_Enabled: 1
--- !u!20 &116861984
Camera:
  m_ObjectHideFlags: 0
  m_PrefabParentObject: {fileID: 0}
  m_PrefabInternal: {fileID: 0}
  m_GameObject: {fileID: 116861980}
  m_Enabled: 1
  serializedVersion: 2
  m_ClearFlags: 2
  m_BackGroundColor: {r: 0, g: 0, b: 0, a: 0.019607844}
  m_NormalizedViewPortRect:
    serializedVersion: 2
    x: 0
    y: 0
    width: 1
    height: 1
  near clip plane: 0.3
  far clip plane: 1000
  field of view: 60
  orthographic: 1
  orthographic size: 13.191679
  m_Depth: 0
  m_CullingMask:
    serializedVersion: 2
    m_Bits: 4294967295
  m_RenderingPath: -1
  m_TargetTexture: {fileID: 0}
  m_TargetDisplay: 0
  m_TargetEye: 3
  m_HDR: 0
  m_OcclusionCulling: 1
  m_StereoConvergence: 10
  m_StereoSeparation: 0.022
  m_StereoMirrorMode: 0
--- !u!4 &116861985
Transform:
  m_ObjectHideFlags: 0
  m_PrefabParentObject: {fileID: 0}
  m_PrefabInternal: {fileID: 0}
  m_GameObject: {fileID: 116861980}
  m_LocalRotation: {x: 0, y: 0, z: 0, w: 1}
  m_LocalPosition: {x: 16.74, y: 2.17, z: -20.68}
  m_LocalScale: {x: 1, y: 1, z: 1}
  m_Children: []
  m_Father: {fileID: 0}
  m_RootOrder: 2
--- !u!1001 &238391196
Prefab:
  m_ObjectHideFlags: 0
  serializedVersion: 2
  m_Modification:
    m_TransformParent: {fileID: 1963974202}
    m_Modifications:
    - target: {fileID: 413190, guid: 862446e06e4db504d9aa7400f4563331, type: 2}
      propertyPath: m_LocalPosition.x
      value: 0
      objectReference: {fileID: 0}
    - target: {fileID: 413190, guid: 862446e06e4db504d9aa7400f4563331, type: 2}
      propertyPath: m_LocalPosition.y
      value: -9.75
      objectReference: {fileID: 0}
    - target: {fileID: 413190, guid: 862446e06e4db504d9aa7400f4563331, type: 2}
      propertyPath: m_LocalPosition.z
      value: -5
      objectReference: {fileID: 0}
    - target: {fileID: 413190, guid: 862446e06e4db504d9aa7400f4563331, type: 2}
      propertyPath: m_LocalRotation.x
      value: 0
      objectReference: {fileID: 0}
    - target: {fileID: 413190, guid: 862446e06e4db504d9aa7400f4563331, type: 2}
      propertyPath: m_LocalRotation.y
      value: 0
      objectReference: {fileID: 0}
    - target: {fileID: 413190, guid: 862446e06e4db504d9aa7400f4563331, type: 2}
      propertyPath: m_LocalRotation.z
      value: 0
      objectReference: {fileID: 0}
    - target: {fileID: 413190, guid: 862446e06e4db504d9aa7400f4563331, type: 2}
      propertyPath: m_LocalRotation.w
      value: 1
      objectReference: {fileID: 0}
    - target: {fileID: 413190, guid: 862446e06e4db504d9aa7400f4563331, type: 2}
      propertyPath: m_RootOrder
      value: 8
      objectReference: {fileID: 0}
    m_RemovedComponents: []
  m_ParentPrefab: {fileID: 100100000, guid: 862446e06e4db504d9aa7400f4563331, type: 2}
  m_IsPrefabParent: 0
--- !u!4 &238391197 stripped
Transform:
  m_PrefabParentObject: {fileID: 413190, guid: 862446e06e4db504d9aa7400f4563331, type: 2}
  m_PrefabInternal: {fileID: 238391196}
--- !u!4 &269383679 stripped
Transform:
  m_PrefabParentObject: {fileID: 446238, guid: 0588bee67ab085943a967ef1ce59ea2c, type: 2}
  m_PrefabInternal: {fileID: 698824580}
--- !u!1 &446736872
GameObject:
  m_ObjectHideFlags: 0
  m_PrefabParentObject: {fileID: 0}
  m_PrefabInternal: {fileID: 0}
  serializedVersion: 4
  m_Component:
  - 4: {fileID: 446736874}
  - 108: {fileID: 446736873}
  m_Layer: 0
  m_Name: Directional Light
  m_TagString: Untagged
  m_Icon: {fileID: 0}
  m_NavMeshLayer: 0
  m_StaticEditorFlags: 0
  m_IsActive: 1
--- !u!108 &446736873
Light:
  m_ObjectHideFlags: 0
  m_PrefabParentObject: {fileID: 0}
  m_PrefabInternal: {fileID: 0}
  m_GameObject: {fileID: 446736872}
  m_Enabled: 1
  serializedVersion: 6
  m_Type: 1
  m_Color: {r: 1, g: 0.95686275, b: 0.8392157, a: 1}
  m_Intensity: 1
  m_Range: 10
  m_SpotAngle: 30
  m_CookieSize: 10
  m_Shadows:
    m_Type: 2
    m_Resolution: -1
    m_Strength: 1
    m_Bias: 0.05
    m_NormalBias: 0.4
    m_NearPlane: 0.2
  m_Cookie: {fileID: 0}
  m_DrawHalo: 0
  m_Flare: {fileID: 0}
  m_RenderMode: 0
  m_CullingMask:
    serializedVersion: 2
    m_Bits: 4294967295
  m_Lightmapping: 4
  m_BounceIntensity: 1
  m_ShadowRadius: 0
  m_ShadowAngle: 0
  m_AreaSize: {x: 1, y: 1}
--- !u!4 &446736874
Transform:
  m_ObjectHideFlags: 0
  m_PrefabParentObject: {fileID: 0}
  m_PrefabInternal: {fileID: 0}
  m_GameObject: {fileID: 446736872}
  m_LocalRotation: {x: 0.40821794, y: -0.23456973, z: 0.109381676, w: 0.87542605}
  m_LocalPosition: {x: 0, y: 3, z: 0}
  m_LocalScale: {x: 1, y: 1, z: 1}
  m_Children: []
  m_Father: {fileID: 0}
  m_RootOrder: 0
--- !u!1001 &472460389
Prefab:
  m_ObjectHideFlags: 0
  serializedVersion: 2
  m_Modification:
    m_TransformParent: {fileID: 1963974202}
    m_Modifications:
    - target: {fileID: 414076, guid: 5d75466d110223148b21d880132bf050, type: 2}
      propertyPath: m_LocalPosition.x
      value: 21.58
      objectReference: {fileID: 0}
    - target: {fileID: 414076, guid: 5d75466d110223148b21d880132bf050, type: 2}
      propertyPath: m_LocalPosition.y
      value: -5.67
      objectReference: {fileID: 0}
    - target: {fileID: 414076, guid: 5d75466d110223148b21d880132bf050, type: 2}
      propertyPath: m_LocalPosition.z
      value: -11.96
      objectReference: {fileID: 0}
    - target: {fileID: 414076, guid: 5d75466d110223148b21d880132bf050, type: 2}
      propertyPath: m_LocalRotation.x
      value: 0
      objectReference: {fileID: 0}
    - target: {fileID: 414076, guid: 5d75466d110223148b21d880132bf050, type: 2}
      propertyPath: m_LocalRotation.y
      value: 0
      objectReference: {fileID: 0}
    - target: {fileID: 414076, guid: 5d75466d110223148b21d880132bf050, type: 2}
      propertyPath: m_LocalRotation.z
      value: 0
      objectReference: {fileID: 0}
    - target: {fileID: 414076, guid: 5d75466d110223148b21d880132bf050, type: 2}
      propertyPath: m_LocalRotation.w
      value: 1
      objectReference: {fileID: 0}
    - target: {fileID: 414076, guid: 5d75466d110223148b21d880132bf050, type: 2}
      propertyPath: m_RootOrder
      value: 6
      objectReference: {fileID: 0}
    m_RemovedComponents: []
  m_ParentPrefab: {fileID: 100100000, guid: 5d75466d110223148b21d880132bf050, type: 2}
  m_IsPrefabParent: 0
--- !u!1001 &560806347
Prefab:
  m_ObjectHideFlags: 0
  serializedVersion: 2
  m_Modification:
    m_TransformParent: {fileID: 1963974202}
    m_Modifications:
    - target: {fileID: 418198, guid: 70a116210b22c3742a38439e7858a30c, type: 2}
      propertyPath: m_LocalPosition.x
      value: 33.33
      objectReference: {fileID: 0}
    - target: {fileID: 418198, guid: 70a116210b22c3742a38439e7858a30c, type: 2}
      propertyPath: m_LocalPosition.y
      value: 0
      objectReference: {fileID: 0}
    - target: {fileID: 418198, guid: 70a116210b22c3742a38439e7858a30c, type: 2}
      propertyPath: m_LocalPosition.z
      value: 6.63
      objectReference: {fileID: 0}
    - target: {fileID: 418198, guid: 70a116210b22c3742a38439e7858a30c, type: 2}
      propertyPath: m_LocalRotation.x
      value: 0
      objectReference: {fileID: 0}
    - target: {fileID: 418198, guid: 70a116210b22c3742a38439e7858a30c, type: 2}
      propertyPath: m_LocalRotation.y
      value: 0
      objectReference: {fileID: 0}
    - target: {fileID: 418198, guid: 70a116210b22c3742a38439e7858a30c, type: 2}
      propertyPath: m_LocalRotation.z
      value: 0
      objectReference: {fileID: 0}
    - target: {fileID: 418198, guid: 70a116210b22c3742a38439e7858a30c, type: 2}
      propertyPath: m_LocalRotation.w
      value: 1
      objectReference: {fileID: 0}
    - target: {fileID: 418198, guid: 70a116210b22c3742a38439e7858a30c, type: 2}
      propertyPath: m_RootOrder
      value: 13
      objectReference: {fileID: 0}
    m_RemovedComponents: []
  m_ParentPrefab: {fileID: 100100000, guid: 70a116210b22c3742a38439e7858a30c, type: 2}
  m_IsPrefabParent: 0
--- !u!4 &560806348 stripped
Transform:
  m_PrefabParentObject: {fileID: 418198, guid: 70a116210b22c3742a38439e7858a30c, type: 2}
  m_PrefabInternal: {fileID: 560806347}
--- !u!1001 &698824580
Prefab:
  m_ObjectHideFlags: 0
  serializedVersion: 2
  m_Modification:
    m_TransformParent: {fileID: 1963974202}
    m_Modifications:
    - target: {fileID: 446238, guid: 0588bee67ab085943a967ef1ce59ea2c, type: 2}
      propertyPath: m_LocalPosition.x
      value: 10
      objectReference: {fileID: 0}
    - target: {fileID: 446238, guid: 0588bee67ab085943a967ef1ce59ea2c, type: 2}
      propertyPath: m_LocalPosition.y
      value: -9.75
      objectReference: {fileID: 0}
    - target: {fileID: 446238, guid: 0588bee67ab085943a967ef1ce59ea2c, type: 2}
      propertyPath: m_LocalPosition.z
      value: -5
      objectReference: {fileID: 0}
    - target: {fileID: 446238, guid: 0588bee67ab085943a967ef1ce59ea2c, type: 2}
      propertyPath: m_LocalRotation.x
      value: 0
      objectReference: {fileID: 0}
    - target: {fileID: 446238, guid: 0588bee67ab085943a967ef1ce59ea2c, type: 2}
      propertyPath: m_LocalRotation.y
      value: 0
      objectReference: {fileID: 0}
    - target: {fileID: 446238, guid: 0588bee67ab085943a967ef1ce59ea2c, type: 2}
      propertyPath: m_LocalRotation.z
      value: 0
      objectReference: {fileID: 0}
    - target: {fileID: 446238, guid: 0588bee67ab085943a967ef1ce59ea2c, type: 2}
      propertyPath: m_LocalRotation.w
      value: 1
      objectReference: {fileID: 0}
    - target: {fileID: 446238, guid: 0588bee67ab085943a967ef1ce59ea2c, type: 2}
      propertyPath: m_RootOrder
      value: 9
      objectReference: {fileID: 0}
    m_RemovedComponents: []
  m_ParentPrefab: {fileID: 100100000, guid: 0588bee67ab085943a967ef1ce59ea2c, type: 2}
  m_IsPrefabParent: 0
--- !u!1001 &973072435
Prefab:
  m_ObjectHideFlags: 0
  serializedVersion: 2
  m_Modification:
    m_TransformParent: {fileID: 1963974202}
    m_Modifications:
    - target: {fileID: 453502, guid: 9bed0c5a31218ea4d9955accb5402ed3, type: 2}
      propertyPath: m_LocalPosition.x
      value: 21.43
      objectReference: {fileID: 0}
    - target: {fileID: 453502, guid: 9bed0c5a31218ea4d9955accb5402ed3, type: 2}
      propertyPath: m_LocalPosition.y
      value: -9.75
      objectReference: {fileID: 0}
    - target: {fileID: 453502, guid: 9bed0c5a31218ea4d9955accb5402ed3, type: 2}
      propertyPath: m_LocalPosition.z
      value: -5.13
      objectReference: {fileID: 0}
    - target: {fileID: 453502, guid: 9bed0c5a31218ea4d9955accb5402ed3, type: 2}
      propertyPath: m_LocalRotation.x
      value: 0
      objectReference: {fileID: 0}
    - target: {fileID: 453502, guid: 9bed0c5a31218ea4d9955accb5402ed3, type: 2}
      propertyPath: m_LocalRotation.y
      value: 0
      objectReference: {fileID: 0}
    - target: {fileID: 453502, guid: 9bed0c5a31218ea4d9955accb5402ed3, type: 2}
      propertyPath: m_LocalRotation.z
      value: 0
      objectReference: {fileID: 0}
    - target: {fileID: 453502, guid: 9bed0c5a31218ea4d9955accb5402ed3, type: 2}
      propertyPath: m_LocalRotation.w
      value: 1
      objectReference: {fileID: 0}
    - target: {fileID: 453502, guid: 9bed0c5a31218ea4d9955accb5402ed3, type: 2}
      propertyPath: m_RootOrder
      value: 11
      objectReference: {fileID: 0}
    m_RemovedComponents: []
  m_ParentPrefab: {fileID: 100100000, guid: 9bed0c5a31218ea4d9955accb5402ed3, type: 2}
  m_IsPrefabParent: 0
--- !u!4 &973072436 stripped
Transform:
  m_PrefabParentObject: {fileID: 453502, guid: 9bed0c5a31218ea4d9955accb5402ed3, type: 2}
  m_PrefabInternal: {fileID: 973072435}
--- !u!1001 &1003842616
Prefab:
  m_ObjectHideFlags: 0
  serializedVersion: 2
  m_Modification:
    m_TransformParent: {fileID: 1963974202}
    m_Modifications:
    - target: {fileID: 481460, guid: 8669cf7b23c8e0c40b07de1ca1482d04, type: 2}
      propertyPath: m_LocalPosition.x
      value: 10.01
      objectReference: {fileID: 0}
    - target: {fileID: 481460, guid: 8669cf7b23c8e0c40b07de1ca1482d04, type: 2}
      propertyPath: m_LocalPosition.y
      value: -2.61
      objectReference: {fileID: 0}
    - target: {fileID: 481460, guid: 8669cf7b23c8e0c40b07de1ca1482d04, type: 2}
      propertyPath: m_LocalPosition.z
      value: -18.92
      objectReference: {fileID: 0}
    - target: {fileID: 481460, guid: 8669cf7b23c8e0c40b07de1ca1482d04, type: 2}
      propertyPath: m_LocalRotation.x
      value: 0
      objectReference: {fileID: 0}
    - target: {fileID: 481460, guid: 8669cf7b23c8e0c40b07de1ca1482d04, type: 2}
      propertyPath: m_LocalRotation.y
      value: 0
      objectReference: {fileID: 0}
    - target: {fileID: 481460, guid: 8669cf7b23c8e0c40b07de1ca1482d04, type: 2}
      propertyPath: m_LocalRotation.z
      value: 0
      objectReference: {fileID: 0}
    - target: {fileID: 481460, guid: 8669cf7b23c8e0c40b07de1ca1482d04, type: 2}
      propertyPath: m_LocalRotation.w
      value: 1
      objectReference: {fileID: 0}
    - target: {fileID: 481460, guid: 8669cf7b23c8e0c40b07de1ca1482d04, type: 2}
      propertyPath: m_RootOrder
      value: 1
      objectReference: {fileID: 0}
    m_RemovedComponents: []
  m_ParentPrefab: {fileID: 100100000, guid: 8669cf7b23c8e0c40b07de1ca1482d04, type: 2}
  m_IsPrefabParent: 0
--- !u!4 &1003842617 stripped
Transform:
  m_PrefabParentObject: {fileID: 481460, guid: 8669cf7b23c8e0c40b07de1ca1482d04, type: 2}
  m_PrefabInternal: {fileID: 1003842616}
--- !u!1001 &1109780331
Prefab:
  m_ObjectHideFlags: 0
  serializedVersion: 2
  m_Modification:
    m_TransformParent: {fileID: 1963974202}
    m_Modifications:
    - target: {fileID: 418198, guid: f5b8fac27860f074891297871bd6f5d3, type: 2}
      propertyPath: m_LocalPosition.x
      value: 0
      objectReference: {fileID: 0}
    - target: {fileID: 418198, guid: f5b8fac27860f074891297871bd6f5d3, type: 2}
      propertyPath: m_LocalPosition.y
      value: 0
      objectReference: {fileID: 0}
    - target: {fileID: 418198, guid: f5b8fac27860f074891297871bd6f5d3, type: 2}
      propertyPath: m_LocalPosition.z
      value: 6.63
      objectReference: {fileID: 0}
    - target: {fileID: 418198, guid: f5b8fac27860f074891297871bd6f5d3, type: 2}
      propertyPath: m_LocalRotation.x
      value: 0
      objectReference: {fileID: 0}
    - target: {fileID: 418198, guid: f5b8fac27860f074891297871bd6f5d3, type: 2}
      propertyPath: m_LocalRotation.y
      value: 0
      objectReference: {fileID: 0}
    - target: {fileID: 418198, guid: f5b8fac27860f074891297871bd6f5d3, type: 2}
      propertyPath: m_LocalRotation.z
      value: 0
      objectReference: {fileID: 0}
    - target: {fileID: 418198, guid: f5b8fac27860f074891297871bd6f5d3, type: 2}
      propertyPath: m_LocalRotation.w
      value: 1
      objectReference: {fileID: 0}
    - target: {fileID: 418198, guid: f5b8fac27860f074891297871bd6f5d3, type: 2}
      propertyPath: m_RootOrder
      value: 12
      objectReference: {fileID: 0}
    m_RemovedComponents: []
  m_ParentPrefab: {fileID: 100100000, guid: f5b8fac27860f074891297871bd6f5d3, type: 2}
  m_IsPrefabParent: 0
--- !u!4 &1109780332 stripped
Transform:
  m_PrefabParentObject: {fileID: 418198, guid: f5b8fac27860f074891297871bd6f5d3, type: 2}
  m_PrefabInternal: {fileID: 1109780331}
--- !u!1001 &1125881781
Prefab:
  m_ObjectHideFlags: 0
  serializedVersion: 2
  m_Modification:
    m_TransformParent: {fileID: 1963974202}
    m_Modifications:
    - target: {fileID: 472648, guid: e4ec028d476c47a469094d5d538c686f, type: 2}
      propertyPath: m_LocalPosition.x
      value: 33.2
      objectReference: {fileID: 0}
    - target: {fileID: 472648, guid: e4ec028d476c47a469094d5d538c686f, type: 2}
      propertyPath: m_LocalPosition.y
      value: -9.75
      objectReference: {fileID: 0}
    - target: {fileID: 472648, guid: e4ec028d476c47a469094d5d538c686f, type: 2}
      propertyPath: m_LocalPosition.z
      value: -5
      objectReference: {fileID: 0}
    - target: {fileID: 472648, guid: e4ec028d476c47a469094d5d538c686f, type: 2}
      propertyPath: m_LocalRotation.x
      value: 0
      objectReference: {fileID: 0}
    - target: {fileID: 472648, guid: e4ec028d476c47a469094d5d538c686f, type: 2}
      propertyPath: m_LocalRotation.y
      value: 0
      objectReference: {fileID: 0}
    - target: {fileID: 472648, guid: e4ec028d476c47a469094d5d538c686f, type: 2}
      propertyPath: m_LocalRotation.z
      value: 0
      objectReference: {fileID: 0}
    - target: {fileID: 472648, guid: e4ec028d476c47a469094d5d538c686f, type: 2}
      propertyPath: m_LocalRotation.w
      value: 1
      objectReference: {fileID: 0}
    - target: {fileID: 472648, guid: e4ec028d476c47a469094d5d538c686f, type: 2}
      propertyPath: m_RootOrder
      value: 10
      objectReference: {fileID: 0}
    m_RemovedComponents: []
  m_ParentPrefab: {fileID: 100100000, guid: e4ec028d476c47a469094d5d538c686f, type: 2}
  m_IsPrefabParent: 0
--- !u!4 &1125881782 stripped
Transform:
  m_PrefabParentObject: {fileID: 472648, guid: e4ec028d476c47a469094d5d538c686f, type: 2}
  m_PrefabInternal: {fileID: 1125881781}
--- !u!1001 &1408993281
Prefab:
  m_ObjectHideFlags: 0
  serializedVersion: 2
  m_Modification:
    m_TransformParent: {fileID: 1963974202}
    m_Modifications:
    - target: {fileID: 456800, guid: 6a4165a6aec86c148aa6d58023645fc2, type: 2}
      propertyPath: m_LocalPosition.x
      value: 21.59
      objectReference: {fileID: 0}
    - target: {fileID: 456800, guid: 6a4165a6aec86c148aa6d58023645fc2, type: 2}
      propertyPath: m_LocalPosition.y
      value: -2.61
      objectReference: {fileID: 0}
    - target: {fileID: 456800, guid: 6a4165a6aec86c148aa6d58023645fc2, type: 2}
      propertyPath: m_LocalPosition.z
      value: -18.98
      objectReference: {fileID: 0}
    - target: {fileID: 456800, guid: 6a4165a6aec86c148aa6d58023645fc2, type: 2}
      propertyPath: m_LocalRotation.x
      value: 0
      objectReference: {fileID: 0}
    - target: {fileID: 456800, guid: 6a4165a6aec86c148aa6d58023645fc2, type: 2}
      propertyPath: m_LocalRotation.y
      value: 0
      objectReference: {fileID: 0}
    - target: {fileID: 456800, guid: 6a4165a6aec86c148aa6d58023645fc2, type: 2}
      propertyPath: m_LocalRotation.z
      value: 0
      objectReference: {fileID: 0}
    - target: {fileID: 456800, guid: 6a4165a6aec86c148aa6d58023645fc2, type: 2}
      propertyPath: m_LocalRotation.w
      value: 1
      objectReference: {fileID: 0}
    - target: {fileID: 456800, guid: 6a4165a6aec86c148aa6d58023645fc2, type: 2}
      propertyPath: m_RootOrder
      value: 2
      objectReference: {fileID: 0}
    m_RemovedComponents: []
  m_ParentPrefab: {fileID: 100100000, guid: 6a4165a6aec86c148aa6d58023645fc2, type: 2}
  m_IsPrefabParent: 0
--- !u!4 &1408993282 stripped
Transform:
  m_PrefabParentObject: {fileID: 456800, guid: 6a4165a6aec86c148aa6d58023645fc2, type: 2}
  m_PrefabInternal: {fileID: 1408993281}
--- !u!1001 &1541405020
Prefab:
  m_ObjectHideFlags: 0
  serializedVersion: 2
  m_Modification:
    m_TransformParent: {fileID: 1963974202}
    m_Modifications:
    - target: {fileID: 418198, guid: d415b826cb38b0d44bac644e305ee168, type: 2}
      propertyPath: m_LocalPosition.x
      value: 21.43
      objectReference: {fileID: 0}
    - target: {fileID: 418198, guid: d415b826cb38b0d44bac644e305ee168, type: 2}
      propertyPath: m_LocalPosition.y
      value: 0
      objectReference: {fileID: 0}
    - target: {fileID: 418198, guid: d415b826cb38b0d44bac644e305ee168, type: 2}
      propertyPath: m_LocalPosition.z
      value: 6.63
      objectReference: {fileID: 0}
    - target: {fileID: 418198, guid: d415b826cb38b0d44bac644e305ee168, type: 2}
      propertyPath: m_LocalRotation.x
      value: 0
      objectReference: {fileID: 0}
    - target: {fileID: 418198, guid: d415b826cb38b0d44bac644e305ee168, type: 2}
      propertyPath: m_LocalRotation.y
      value: 0
      objectReference: {fileID: 0}
    - target: {fileID: 418198, guid: d415b826cb38b0d44bac644e305ee168, type: 2}
      propertyPath: m_LocalRotation.z
      value: 0
      objectReference: {fileID: 0}
    - target: {fileID: 418198, guid: d415b826cb38b0d44bac644e305ee168, type: 2}
      propertyPath: m_LocalRotation.w
      value: 1
      objectReference: {fileID: 0}
    - target: {fileID: 418198, guid: d415b826cb38b0d44bac644e305ee168, type: 2}
      propertyPath: m_RootOrder
      value: 15
      objectReference: {fileID: 0}
    m_RemovedComponents: []
  m_ParentPrefab: {fileID: 100100000, guid: d415b826cb38b0d44bac644e305ee168, type: 2}
  m_IsPrefabParent: 0
--- !u!4 &1541405021 stripped
Transform:
  m_PrefabParentObject: {fileID: 418198, guid: d415b826cb38b0d44bac644e305ee168, type: 2}
  m_PrefabInternal: {fileID: 1541405020}
--- !u!4 &1759044533 stripped
Transform:
  m_PrefabParentObject: {fileID: 414076, guid: 5d75466d110223148b21d880132bf050, type: 2}
  m_PrefabInternal: {fileID: 472460389}
--- !u!1001 &1788982122
Prefab:
  m_ObjectHideFlags: 0
  serializedVersion: 2
  m_Modification:
    m_TransformParent: {fileID: 1963974202}
    m_Modifications:
    - target: {fileID: 468810, guid: 4dcf38a90fa8f8e438b2a5c60acb1cae, type: 2}
      propertyPath: m_LocalPosition.x
      value: 0
      objectReference: {fileID: 0}
    - target: {fileID: 468810, guid: 4dcf38a90fa8f8e438b2a5c60acb1cae, type: 2}
      propertyPath: m_LocalPosition.y
      value: -2.61
      objectReference: {fileID: 0}
    - target: {fileID: 468810, guid: 4dcf38a90fa8f8e438b2a5c60acb1cae, type: 2}
      propertyPath: m_LocalPosition.z
      value: -18.86
      objectReference: {fileID: 0}
    - target: {fileID: 468810, guid: 4dcf38a90fa8f8e438b2a5c60acb1cae, type: 2}
      propertyPath: m_LocalRotation.x
      value: 0
      objectReference: {fileID: 0}
    - target: {fileID: 468810, guid: 4dcf38a90fa8f8e438b2a5c60acb1cae, type: 2}
      propertyPath: m_LocalRotation.y
      value: 0
      objectReference: {fileID: 0}
    - target: {fileID: 468810, guid: 4dcf38a90fa8f8e438b2a5c60acb1cae, type: 2}
      propertyPath: m_LocalRotation.z
      value: 0
      objectReference: {fileID: 0}
    - target: {fileID: 468810, guid: 4dcf38a90fa8f8e438b2a5c60acb1cae, type: 2}
      propertyPath: m_LocalRotation.w
      value: 1
      objectReference: {fileID: 0}
    - target: {fileID: 468810, guid: 4dcf38a90fa8f8e438b2a5c60acb1cae, type: 2}
      propertyPath: m_RootOrder
      value: 0
      objectReference: {fileID: 0}
    m_RemovedComponents: []
  m_ParentPrefab: {fileID: 100100000, guid: 4dcf38a90fa8f8e438b2a5c60acb1cae, type: 2}
  m_IsPrefabParent: 0
--- !u!4 &1788982123 stripped
Transform:
  m_PrefabParentObject: {fileID: 468810, guid: 4dcf38a90fa8f8e438b2a5c60acb1cae, type: 2}
  m_PrefabInternal: {fileID: 1788982122}
--- !u!1001 &1810942080
Prefab:
  m_ObjectHideFlags: 0
  serializedVersion: 2
  m_Modification:
    m_TransformParent: {fileID: 1963974202}
    m_Modifications:
    - target: {fileID: 483128, guid: e4292d29b1a450c49abc9c5f34ebb161, type: 2}
      propertyPath: m_LocalPosition.x
      value: 0
      objectReference: {fileID: 0}
    - target: {fileID: 483128, guid: e4292d29b1a450c49abc9c5f34ebb161, type: 2}
      propertyPath: m_LocalPosition.y
      value: -5.67
      objectReference: {fileID: 0}
    - target: {fileID: 483128, guid: e4292d29b1a450c49abc9c5f34ebb161, type: 2}
      propertyPath: m_LocalPosition.z
      value: -12.11
      objectReference: {fileID: 0}
    - target: {fileID: 483128, guid: e4292d29b1a450c49abc9c5f34ebb161, type: 2}
      propertyPath: m_LocalRotation.x
      value: 0
      objectReference: {fileID: 0}
    - target: {fileID: 483128, guid: e4292d29b1a450c49abc9c5f34ebb161, type: 2}
      propertyPath: m_LocalRotation.y
      value: 0
      objectReference: {fileID: 0}
    - target: {fileID: 483128, guid: e4292d29b1a450c49abc9c5f34ebb161, type: 2}
      propertyPath: m_LocalRotation.z
      value: 0
      objectReference: {fileID: 0}
    - target: {fileID: 483128, guid: e4292d29b1a450c49abc9c5f34ebb161, type: 2}
      propertyPath: m_LocalRotation.w
      value: 1
      objectReference: {fileID: 0}
    - target: {fileID: 483128, guid: e4292d29b1a450c49abc9c5f34ebb161, type: 2}
      propertyPath: m_RootOrder
      value: 4
      objectReference: {fileID: 0}
    m_RemovedComponents: []
  m_ParentPrefab: {fileID: 100100000, guid: e4292d29b1a450c49abc9c5f34ebb161, type: 2}
  m_IsPrefabParent: 0
--- !u!4 &1810942081 stripped
Transform:
  m_PrefabParentObject: {fileID: 483128, guid: e4292d29b1a450c49abc9c5f34ebb161, type: 2}
  m_PrefabInternal: {fileID: 1810942080}
--- !u!1 &1963974201
GameObject:
  m_ObjectHideFlags: 0
  m_PrefabParentObject: {fileID: 0}
  m_PrefabInternal: {fileID: 0}
  serializedVersion: 4
  m_Component:
  - 4: {fileID: 1963974202}
  m_Layer: 0
  m_Name: Resources
  m_TagString: Untagged
  m_Icon: {fileID: 0}
  m_NavMeshLayer: 0
  m_StaticEditorFlags: 0
  m_IsActive: 1
--- !u!4 &1963974202
Transform:
  m_ObjectHideFlags: 0
  m_PrefabParentObject: {fileID: 0}
  m_PrefabInternal: {fileID: 0}
  m_GameObject: {fileID: 1963974201}
  m_LocalRotation: {x: 0, y: 0, z: 0, w: 1}
  m_LocalPosition: {x: 0, y: 0, z: 0}
  m_LocalScale: {x: 1, y: 1, z: 1}
  m_Children:
  - {fileID: 1788982123}
  - {fileID: 1003842617}
  - {fileID: 1408993282}
  - {fileID: 2063185382}
  - {fileID: 1810942081}
  - {fileID: 1984007032}
  - {fileID: 1759044533}
  - {fileID: 39359622}
  - {fileID: 238391197}
  - {fileID: 269383679}
  - {fileID: 1125881782}
  - {fileID: 973072436}
  - {fileID: 1109780332}
  - {fileID: 560806348}
  - {fileID: 114258104}
  - {fileID: 1541405021}
  m_Father: {fileID: 0}
  m_RootOrder: 1
--- !u!1001 &1984007031
Prefab:
  m_ObjectHideFlags: 0
  serializedVersion: 2
  m_Modification:
    m_TransformParent: {fileID: 1963974202}
    m_Modifications:
    - target: {fileID: 439306, guid: c178a22aa919fc2449758018aa0a5524, type: 2}
      propertyPath: m_LocalPosition.x
      value: 9.85
      objectReference: {fileID: 0}
    - target: {fileID: 439306, guid: c178a22aa919fc2449758018aa0a5524, type: 2}
      propertyPath: m_LocalPosition.y
      value: -5.67
      objectReference: {fileID: 0}
    - target: {fileID: 439306, guid: c178a22aa919fc2449758018aa0a5524, type: 2}
      propertyPath: m_LocalPosition.z
      value: -12
      objectReference: {fileID: 0}
    - target: {fileID: 439306, guid: c178a22aa919fc2449758018aa0a5524, type: 2}
      propertyPath: m_LocalRotation.x
      value: 0
      objectReference: {fileID: 0}
    - target: {fileID: 439306, guid: c178a22aa919fc2449758018aa0a5524, type: 2}
      propertyPath: m_LocalRotation.y
      value: 0
      objectReference: {fileID: 0}
    - target: {fileID: 439306, guid: c178a22aa919fc2449758018aa0a5524, type: 2}
      propertyPath: m_LocalRotation.z
      value: 0
      objectReference: {fileID: 0}
    - target: {fileID: 439306, guid: c178a22aa919fc2449758018aa0a5524, type: 2}
      propertyPath: m_LocalRotation.w
      value: 1
      objectReference: {fileID: 0}
    - target: {fileID: 439306, guid: c178a22aa919fc2449758018aa0a5524, type: 2}
      propertyPath: m_RootOrder
      value: 5
      objectReference: {fileID: 0}
    m_RemovedComponents: []
  m_ParentPrefab: {fileID: 100100000, guid: c178a22aa919fc2449758018aa0a5524, type: 2}
  m_IsPrefabParent: 0
--- !u!4 &1984007032 stripped
Transform:
  m_PrefabParentObject: {fileID: 439306, guid: c178a22aa919fc2449758018aa0a5524, type: 2}
  m_PrefabInternal: {fileID: 1984007031}
--- !u!1001 &2063185381
Prefab:
  m_ObjectHideFlags: 0
  serializedVersion: 2
  m_Modification:
    m_TransformParent: {fileID: 1963974202}
    m_Modifications:
    - target: {fileID: 438562, guid: ae697601970bbf74ba090b2bab6e12c4, type: 2}
      propertyPath: m_LocalPosition.x
      value: 33.26
      objectReference: {fileID: 0}
    - target: {fileID: 438562, guid: ae697601970bbf74ba090b2bab6e12c4, type: 2}
      propertyPath: m_LocalPosition.y
      value: -2.61
      objectReference: {fileID: 0}
    - target: {fileID: 438562, guid: ae697601970bbf74ba090b2bab6e12c4, type: 2}
      propertyPath: m_LocalPosition.z
      value: -18.87
      objectReference: {fileID: 0}
    - target: {fileID: 438562, guid: ae697601970bbf74ba090b2bab6e12c4, type: 2}
      propertyPath: m_LocalRotation.x
      value: 0
      objectReference: {fileID: 0}
    - target: {fileID: 438562, guid: ae697601970bbf74ba090b2bab6e12c4, type: 2}
      propertyPath: m_LocalRotation.y
      value: 0
      objectReference: {fileID: 0}
    - target: {fileID: 438562, guid: ae697601970bbf74ba090b2bab6e12c4, type: 2}
      propertyPath: m_LocalRotation.z
      value: 0
      objectReference: {fileID: 0}
    - target: {fileID: 438562, guid: ae697601970bbf74ba090b2bab6e12c4, type: 2}
      propertyPath: m_LocalRotation.w
      value: 1
      objectReference: {fileID: 0}
    - target: {fileID: 438562, guid: ae697601970bbf74ba090b2bab6e12c4, type: 2}
      propertyPath: m_RootOrder
      value: 3
      objectReference: {fileID: 0}
    m_RemovedComponents: []
  m_ParentPrefab: {fileID: 100100000, guid: ae697601970bbf74ba090b2bab6e12c4, type: 2}
  m_IsPrefabParent: 0
--- !u!4 &2063185382 stripped
Transform:
  m_PrefabParentObject: {fileID: 438562, guid: ae697601970bbf74ba090b2bab6e12c4, type: 2}
  m_PrefabInternal: {fileID: 2063185381}
